@book {Cohen1993,
    AUTHOR = {Cohen, Henri},
     TITLE = {A course in computational algebraic number theory},
    SERIES = {Graduate Texts in Mathematics},
    VOLUME = {138},
 PUBLISHER = {Springer-Verlag, Berlin},
      YEAR = {1993},
     PAGES = {xii+534},
      ISBN = {3-540-55640-0},
   MRCLASS = {11Y40 (11Rxx 68Q40)},
  MRNUMBER = {1228206},
MRREVIEWER = {Joe P. Buhler},
       DOI = {10.1007/978-3-662-02945-9},
       URL = {http://dx.doi.org/10.1007/978-3-662-02945-9},
}

@article {Belabas2004,
    AUTHOR = {Belabas, Karim},
     TITLE = {Topics in computational algebraic number theory},
   JOURNAL = {J. Th\'eor. Nombres Bordeaux},
  FJOURNAL = {Journal de Th\'eorie des Nombres de Bordeaux},
    VOLUME = {16},
      YEAR = {2004},
    NUMBER = {1},
     PAGES = {19--63},
      ISSN = {1246-7405},
   MRCLASS = {11Y40 (11R37)},
  MRNUMBER = {2145572},
MRREVIEWER = {Robert Juricevic},
       URL = {http://jtnb.cedram.org/item?id=JTNB_2004__16_1_19_0},
}

@book {Pohst1997,
    AUTHOR = {Pohst, M. and Zassenhaus, H.},
     TITLE = {Algorithmic algebraic number theory},
 PUBLISHER = {Cambridge University Press, Cambridge},
      YEAR = {1997},
     PAGES = {xiv+499},
      ISBN = {0-521-59669-6},
   MRCLASS = {11Rxx (11Y40)},
  MRNUMBER = {1483321},
}

@article {Biasse2014,
    AUTHOR = {Biasse, Jean-Fran{\c{c}}ois and Fieker, Claus},
     TITLE = {Subexponential class group and unit group computation in large
              degree number fields},
   JOURNAL = {LMS J. Comput. Math.},
  FJOURNAL = {LMS Journal of Computation and Mathematics},
    VOLUME = {17},
      YEAR = {2014},
    NUMBER = {suppl. A},
     PAGES = {385--403},
      ISSN = {1461-1570},
   MRCLASS = {11Y40 (11R29)},
  MRNUMBER = {3240816},
MRREVIEWER = {Daniel C. Mayer},
       DOI = {10.1112/S1461157014000345},
       URL = {http://dx.doi.org/10.1112/S1461157014000345},
}

@incollection {Bach1995,
    AUTHOR = {Bach, Eric},
     TITLE = {Improved approximations for {E}uler products},
 BOOKTITLE = {Number theory ({H}alifax, {NS}, 1994)},
    SERIES = {CMS Conf. Proc.},
    VOLUME = {15},
     PAGES = {13--28},
 PUBLISHER = {Amer. Math. Soc., Providence, RI},
      YEAR = {1995},
   MRCLASS = {11R42 (11Y35 11Y40)},
  MRNUMBER = {1353917},
MRREVIEWER = {Michel Olivier},
}

@article {Belabas2015,
    AUTHOR = {Belabas, Karim and Friedman, Eduardo},
     TITLE = {Computing the residue of the {D}edekind zeta function},
   JOURNAL = {Math. Comp.},
  FJOURNAL = {Mathematics of Computation},
    VOLUME = {84},
      YEAR = {2015},
    NUMBER = {291},
     PAGES = {357--369},
      ISSN = {0025-5718},
   MRCLASS = {11R42 (11Y40)},
  MRNUMBER = {3266965},
MRREVIEWER = {Volker Ziegler},
       DOI = {10.1090/S0025-5718-2014-02843-3},
       URL = {http://dx.doi.org/10.1090/S0025-5718-2014-02843-3},
}

@article {Dobrowolski1978,
    AUTHOR = {Dobrowolski, Edward},
     TITLE = {On the maximal modulus of conjugates of an algebraic integer},
   JOURNAL = {Bull. Acad. Polon. Sci. S\'er. Sci. Math. Astronom. Phys.},
  FJOURNAL = {Bulletin de l'Acad\'emie Polonaise des Sciences. S\'erie des
              Sciences Math\'ematiques, Astronomiques et Physiques},
    VOLUME = {26},
      YEAR = {1978},
    NUMBER = {4},
     PAGES = {291--292},
      ISSN = {0001-4117},
   MRCLASS = {12A10},
  MRNUMBER = {0491585},
MRREVIEWER = {Christopher Smyth},
}

@incollection {Schoof1982,
    AUTHOR = {Schoof, R. J.},
     TITLE = {Quadratic fields and factorization},
 BOOKTITLE = {Computational methods in number theory, {P}art {II}},
    SERIES = {Math. Centre Tracts},
    VOLUME = {155},
     PAGES = {235--286},
 PUBLISHER = {Math. Centrum, Amsterdam},
      YEAR = {1982},
   MRCLASS = {11Y40 (11R11 11R27)},
  MRNUMBER = {702519},
MRREVIEWER = {Harvey Cohn},
}
